@misc{javaArrayHash,
  title     = "Arrays (Java Platform SE 8)",
  howpublished = "\url{https://docs.oracle.com/javase/8/docs/api/java/util/Arrays.html}",
}
@misc{javaBlockingQueueSafe,
  title     = "BlockingQueue (Java Platform SE 8)",
  howpublished = "\url{https://docs.oracle.com/javase/8/docs/api/java/util/concurrent/BlockingQueue.html}",
}
